<?xml version="1.0" encoding="UTF-8"?><collection xmlns="http://www.loc.gov/MARC21/slim"><record><leader>00393nam--2200145-i-4500</leader><controlfield tag="001">000033214</controlfield><controlfield tag="002">20161230</controlfield><controlfield tag="005">20161230201039</controlfield><controlfield tag="008">060222s1000------------r-----000-0-eng-d</controlfield><datafield ind1=" " ind2=" " tag="080"><subfield code="a">51</subfield></datafield><datafield ind1=" " ind2=" " tag="100"><subfield code="a">Lipovan, Octavian</subfield></datafield><datafield ind1=" " ind2=" " tag="245"><subfield code="a">Elements of submeasure theory with applications</subfield></datafield><datafield ind1=" " ind2=" " tag="260"><subfield code="a">Timisoara, Universitatea Din Timisoara, 1992. 138p</subfield></datafield><datafield ind1=" " ind2=" " tag="490"><subfield code="a">Monografii Matematice</subfield></datafield><datafield ind1=" " ind2=" " tag="852"><subfield code="a">74616</subfield></datafield></record></collection>